<?xml version="1.0" encoding="UTF-8"?><collection xmlns="http://www.loc.gov/MARC21/slim"><record><leader>00505nam--2200193-u-4500</leader><controlfield tag="001">000055403</controlfield><controlfield tag="002">20161230</controlfield><controlfield tag="005">20161230201052</controlfield><controlfield tag="008">130125s1000------------r-----000-0-rus-d</controlfield><datafield ind1=" " ind2=" " tag="040"><subfield code="a">IFIN-HH</subfield></datafield><datafield ind1=" " ind2=" " tag="041"><subfield code="a">rus</subfield></datafield><datafield ind1=" " ind2=" " tag="080"><subfield code="a">539.32</subfield></datafield><datafield ind1="1" ind2=" " tag="100"><subfield code="a">Grigoliuk, E.I</subfield></datafield><datafield ind1="1" ind2="0" tag="245"><subfield code="a">Periodniceskie kusoceno-odnorodnie uprugie strukturi</subfield><subfield code="c">E.i. grigoliuk, l.a. filstiskii</subfield></datafield><datafield ind1=" " ind2=" " tag="260"><subfield code="a">Moskva</subfield><subfield code="b">Nauka</subfield><subfield code="c">1992</subfield></datafield><datafield ind1=" " ind2=" " tag="300"><subfield code="a">286P</subfield></datafield><datafield ind1="1" ind2=" " tag="700"><subfield code="a">Filstiskii, L.A</subfield></datafield><datafield ind1=" " ind2=" " tag="852"><subfield code="a">80452</subfield><subfield code="c">539.3</subfield></datafield><datafield ind1=" " ind2=" " tag="CAT"><subfield code="a">Sys</subfield><subfield code="c">20130125</subfield><subfield code="h">103303</subfield></datafield></record></collection>